<?xml version="1.0" encoding="UTF-8" ?>
<record Numero="13917628" format="InterXMarc_Complet" type="Authority">
<leader>01194c1 au22000272  45  <Pos Code="0004">01194</Pos>
<Pos Code="05" Sens="notice modifiée">c</Pos>
<Pos Code="06" Sens="notice validée en catalogage courant">1</Pos>
<Pos Code="08" Sens="notice d&apos;autorité">a</Pos>
<Pos Code="09" Sens="titre uniforme musical (TUM)">u</Pos>
<Pos Code="10">2</Pos>
<Pos Code="11">2</Pos>
<Pos Code="1216">00027</Pos>
<Pos Code="17" Sens="autres cas">2</Pos>
<Pos Code="20">4</Pos>
<Pos Code="21">5</Pos>
</leader>
<controlfield tag="001">FRBNF139176280<Pos Code="0001">FR</Pos>
<Pos Code="0204">BNF</Pos>
<Pos Code="0512">13917628</Pos>
<Pos Code="13">0</Pos>
</controlfield>
<controlfield tag="008">890821110210yychu lit       1915                             1   <Pos Code="0001">89</Pos>
<Pos Code="0203">08</Pos>
<Pos Code="0405">21</Pos>
<Pos Code="0607">11</Pos>
<Pos Code="0809">02</Pos>
<Pos Code="1011">10</Pos>
<Pos Code="1213" Sens="ne s&apos;applique pas">yy</Pos>
<Pos Code="1416" Sens="slavon d&apos;église [bulgare, vieux => slavon d&apos;église, slave, vieux => slavon d&apos;église, slavon liturgique => slavon d&apos;église, vieux bulgare => slavon d&apos;église, vieux slave => slavon d&apos;église]">chu</Pos>
<Pos Code="1820" Sens="liturgie">lit</Pos>
<Pos Code="2831">1915</Pos>
<Pos Code="61" Sens="La vedette peut être liée à une notice bibliographique sauf pour l&apos;accès matière RAMEAU">1</Pos>
</controlfield>
<datafield tag="048" ind1=" " ind2=" ">
	<subfield code="a">ca01<Pos Code="0001" Sens="choeurs - mixte (4 voix SATB)">ca</Pos>
<Pos Code="02">0</Pos>
<Pos Code="03">1</Pos>
</subfield>
</datafield>
<datafield tag="100" ind1=" " ind2=" ">
	<subfield code="3">13898765</subfield>
	<subfield code="w">.0..barus.</subfield>
	<subfield code="a">Rahmaninov</subfield>
	<subfield code="m">Sergej Vasilʹevič</subfield>
	<subfield code="d">1873-1943</subfield>
</datafield>
<datafield tag="144" ind1="1" ind2=" ">
	<subfield code="w">....bachu.</subfield>
	<subfield code="a">Vsenoŝnoe bdenie</subfield>
	<subfield code="p">Op. 37</subfield>
</datafield>
<datafield tag="302" ind1=" " ind2=" ">
	<subfield code="3">16716728</subfield>
	<subfield code="a">Rahmaninov</subfield>
	<subfield code="m">Sergej Vasilʹevič</subfield>
	<subfield code="d">1873-1943</subfield>
	<subfield code="t">[Shestopsalmie. Op. 37, no 7]</subfield>
</datafield>
<datafield tag="302" ind1=" " ind2=" ">
	<subfield code="3">13917629</subfield>
	<subfield code="a">Rahmaninov</subfield>
	<subfield code="m">Sergej Vasil&apos;evič</subfield>
	<subfield code="d">1873-1943</subfield>
	<subfield code="t">[Nyne otpuŝaeši. Op. 37, no 5]</subfield>
</datafield>
<datafield tag="444" ind1="1" ind2=" ">
	<subfield code="w">....buchu.</subfield>
	<subfield code="a">Vsenoshchnoye bdeniye</subfield>
	<subfield code="p">Op. 37</subfield>
</datafield>
<datafield tag="444" ind1="1" ind2=" ">
	<subfield code="w">....b.fre.</subfield>
	<subfield code="a">Vêpres</subfield>
	<subfield code="p">Op. 37</subfield>
</datafield>
<datafield tag="444" ind1="1" ind2=" ">
	<subfield code="w">....b.eng.</subfield>
	<subfield code="a">All-night vigil</subfield>
	<subfield code="p">Op. 37</subfield>
</datafield>
<datafield tag="600" ind1=" " ind2=" ">
	<subfield code="a">Date de composition : 1915</subfield>
</datafield>
<datafield tag="600" ind1=" " ind2=" ">
	<subfield code="a">Comprend : Priidite poklonimsya ; Blagoslovi, dushe moya ; Blazhen muzh ; Svete tikhii ; Nyne otpushchaeshi ; Bogoroditse Devo [Rejoice, O Virgin] ; Shestopsalmie. Slava v vyshnikh Bogu ; Khvalite imya Gospodne ; Blagosloven esi, Gospodi ; Voskresenie Khristovo videvshe ; Velichit dusha moya Gospoda ; Slavoslovie velikoe. Slava v vyshnikh Bogu ; Tropar. Dnes spasenie miru byst ; Tropar. Voskres iz groba ; Vzbrannoy voevode</subfield>
</datafield>
<datafield tag="608" ind1=" " ind2=" ">
	<subfield code="a">Pour solistes et choeur mixte</subfield>
</datafield>
<datafield tag="610" ind1=" " ind2=" ">
	<subfield code="a">Grove music online : Vsenoshchnoye bdeniye</subfield>
	<subfield code="u">http://www.grovemusic.com</subfield>
	<subfield code="d">2007-09-12</subfield>
</datafield>
<datafield tag="917" ind1=" " ind2=" ">
	<subfield code="o">OPC</subfield>
	<subfield code="a">100473290</subfield>
</datafield>
<Alter Ori="13898765">
<datafield tag="100" ind1=" " ind2=" ">
	<subfield code="w">.0..c.rus.</subfield>
	<subfield code="a">Рахманинов</subfield>
	<subfield code="m">Сергей Васильевич</subfield>
	<subfield code="d">1873-1943</subfield>
</datafield>
<datafield tag="400" ind1=" " ind2=" ">
	<subfield code="w">....bx....</subfield>
	<subfield code="a">Rakhmaninov</subfield>
	<subfield code="m">Sergueï Vassilievitch</subfield>
	<subfield code="d">1873-1943</subfield>
</datafield>
<datafield tag="400" ind1=" " ind2=" ">
	<subfield code="w">....bx....</subfield>
	<subfield code="a">Rachmaninoff</subfield>
	<subfield code="m">Sergei Vasilyevich</subfield>
	<subfield code="d">1873-1943</subfield>
</datafield>
<datafield tag="400" ind1=" " ind2=" ">
	<subfield code="w">....b.....</subfield>
	<subfield code="a">Rachmaninov</subfield>
	<subfield code="m">Serge</subfield>
	<subfield code="d">1873-1943</subfield>
</datafield>
<datafield tag="400" ind1=" " ind2=" ">
	<subfield code="w">....b.....</subfield>
	<subfield code="a">Rachmaninoff</subfield>
	<subfield code="m">Serge</subfield>
	<subfield code="d">1873-1943</subfield>
</datafield>
<datafield tag="400" ind1=" " ind2=" ">
	<subfield code="w">....b.....</subfield>
	<subfield code="a">Rachmaninov</subfield>
	<subfield code="m">Sergey</subfield>
	<subfield code="d">1873-1943</subfield>
</datafield>
</Alter>
<Attr Nom="IDPerenne">ark:/12148/cb139176282</Attr>
<Attr Nom="NumSource">OPC 100473290</Attr>
<Attr Nom="Source" Sens="BnF catalogue général (depuis 1999)">A</Attr>
<Attr Nom="NumAutoriteLiee">1389876513917629</Attr>
<Attr Nom="DateCreation">21/08/ 1989</Attr>
<Attr Nom="ResponsableCreation">MIGV2</Attr>
<Attr Nom="StructCreation">1</Attr>
<Attr Nom="DateDerniereValidation">10/02/ 2011</Attr>
<Attr Nom="ResponsableDerniereValidation">BOUDOUX D HAUTEFEUILLE MARIE-EDITH</Attr>
<Attr Nom="StructPremiereValidation">1</Attr>
<Attr Nom="DatePremiereValidation">21/08/ 1989</Attr>
<Attr Nom="ResponsablePremiereValidation">MIGV2</Attr>
<Attr Nom="StructDerniereValidation">71</Attr>
<Attr Nom="NumSource">OPL 01419855X</Attr>
</record>
